@book {carlson,
    AUTHOR = {Carlson, Jon F. and Townsley, Lisa and Valeri-Elizondo, Luis
              and Zhang, Mucheng},
     TITLE = {Cohomology rings of finite groups},
    SERIES = {Algebras and Applications},
    VOLUME = {3},
 PUBLISHER = {Kluwer Academic Publishers},
   ADDRESS = {Dordrecht},
      YEAR = {2003},
     PAGES = {xvi+776},
      ISBN = {1-4020-1525-9},
   MRCLASS = {20J06},
  MRNUMBER = {MR2028960 (2004k:20110)},
MRREVIEWER = {Kevin P. Knudson},
}

@article {kraines,
    AUTHOR = {Kraines, David},
     TITLE = {Massey higher products},
   JOURNAL = {Trans. Amer. Math. Soc.},
  FJOURNAL = {Transactions of the American Mathematical Society},
    VOLUME = {124},
      YEAR = {1966},
     PAGES = {431--449},
      ISSN = {0002-9947},
   MRCLASS = {55.34},
  MRNUMBER = {MR0202136 (34 \#2010)},
MRREVIEWER = {W. D. Barcus},
}

@phdthesis {borge,
 AUTHOR = {Borge, Inger Christin},
  TITLE = {A cohomological approach to the classification of $p$-groups},
 SCHOOL = {Oxford},
   YEAR = {2001},
ADDRESS = {{\tt http://www.maths.abdn.ac.uk/$\sim$bensondj/html/archive/borge.html}}
}
